@techreport{dating,
	title = {Americans' Opinions about the Online Dating Environment.},
	author = {Monica Anderson, Lee Rainie, Haley Nolan},
	publisher = {{Pew Research Center}},
	year = {2020},
	month = {2},
	day = {6},
	address = {{Washington, D.C.}},
	url = {https://www.pewresearch.org/internet/wp-content/uploads/sites/9/2020/02/PI_2020.02.06_online-dating_REPORT.pdf}
}

@article{datingapps,
	title = {Dating Apps Are Common, Useful-and Widely Disliked.},
	author = {{SurveyMonkey}},
	year = {2020},
	month = {2},
	day = {6},
	url = {www.surveymonkey.com/curiosity/dating-apps-and-sites-are-almost-as-common-as-they-are-disliked/}
}

@article{lust,
	title = {Lust Meets Wanderlust: Why Everyone Uses Travel Photos on Their Dating Profiles.},
	author = {{Vox}},
	year = {2018},
	month = {10},
	day = {17},
	url = {https://www.vox.com/the-goods/2018/10/17/17979806/travel-dating-tinder-bumble-hinge}
}

@thesis{Landmark,
	author = {Theodoros Stougiannis},
	title = {Landmark and monument
	recognition with Deep
	Learning},
	institution = {International Hellenic University},
	year = {2021},
	month = {1}
}


@article{Robust,
	author = {Firoj Alam.},
	title = {Robust Training of Social Media Image Classification Models for Rapid Disaster Response},
	journaltitle = {arXiv},
	year = {2021},
	month = {7}
}




