@article{Gokhale,
	author = {Gokhale, Atharva Ajay},
	title = {A Comparative Study of Deep Learning Based Image Classification Models for Material Classification},
	journaltitle = {International Journal of Computer Applications},
	date = {2021}
}

@article{Wirayasa,
	author = {Wirayasa, Ketut Adi, et al.},
	title = {Comparison of Convolutional Neural Networks Model Using Different Optimizers for Image Classification.},
	journaltitle = {International Journal of Sciences: Basic and Applied Research},
	date = {2021}
}

@article{Dosovitskiy,
	author = {Dosovitskiy, Alexey, et al.},
	title = {An image is worth 16x16 words: Transformers for image recognition at scale.},
	journaltitle = {arXiv},
	date = {2020}
}


@article{He,
	author = {He, Kaiming, et al.},
	title = {Deep residual learning for image recognition.},
	journaltitle = {Proceedings of the IEEE conference on computer vision and pattern recognition.},
	date = {2016}
}

@article{Wu,
	author = {Wu, Haiping, et al. },
	title = {Cvt: Introducing convolutions to vision transformers.},
	journaltitle = {Proceedings of the IEEE/CVF International Conference on Computer Vision.},
	date = {2021}
}

@online{resnet,
	title = {Microsoft/Resnet-50.},
	url = {https://huggingface.co/microsoft/resnet-50},
	OPTorganization = {Hugging Face}
}


@online{vit,
	title = {Google/VIT-Base-patch16-224.},
	url = {https://huggingface.co/google/vit-base-patch16-224},
	OPTorganization = {Hugging Face}
}

@online{cvt,
	title = {Microsoft/CVT-13.},
	url = {https://huggingface.co/microsoft/cvt-13},
	OPTorganization = {Hugging Face}
}

